<?xml version="1.0" encoding="UTF-8"?><collection xmlns="http://www.loc.gov/MARC21/slim"><record><leader>00661nam--2200193-i-4500</leader><controlfield tag="001">000020062</controlfield><controlfield tag="002">20161230</controlfield><controlfield tag="005">20161230201033</controlfield><controlfield tag="008">060222s1000------------r-----000-0-eng-d</controlfield><datafield ind1=" " ind2=" " tag="040"><subfield code="a">IFIN-HH</subfield></datafield><datafield ind1=" " ind2=" " tag="080"><subfield code="a">539.935(061.3):538.958(061.3)</subfield></datafield><datafield ind1="1" ind2=" " tag="100"><subfield code="a">Garland, J.C</subfield></datafield><datafield ind1="1" ind2="0" tag="245"><subfield code="a">Electrical transport and optical properties of inhomogeneous media.(ohio state university, 1977.) aip conference proceedings. number 40</subfield><subfield code="c">J.c. garland, d.s. tanner (eds.)</subfield></datafield><datafield ind1=" " ind2=" " tag="260"><subfield code="a">New York</subfield><subfield code="b">American Institute Of Physics</subfield><subfield code="c">1978</subfield></datafield><datafield ind1=" " ind2=" " tag="300"><subfield code="a">416 P</subfield></datafield><datafield ind1=" " ind2=" " tag="490"><subfield code="a">Aip Conference Proceedings, 40</subfield></datafield><datafield ind1="1" ind2=" " tag="700"><subfield code="a">Tanner, D.B</subfield><subfield code="e">Ed</subfield></datafield><datafield ind1=" " ind2=" " tag="852"><subfield code="a">37027</subfield><subfield code="c">53</subfield></datafield><datafield ind1=" " ind2=" " tag="CAT"><subfield code="a">Sys</subfield><subfield code="c">20150313</subfield><subfield code="h">114511</subfield></datafield></record></collection>